<record><leader>00000cas a22000007a 4500</leader><controlfield tag="001">14509654</controlfield><controlfield tag="008">861023d19301940txudr ne      0    0eng d</controlfield><datafield ind1=" " ind2=" " tag="010"><subfield code="a">sn 86089746 </subfield></datafield><datafield ind1=" " ind2=" " tag="040"><subfield code="a">PPM</subfield><subfield code="b">eng</subfield><subfield code="c">PPM</subfield><subfield code="d">OCLCQ</subfield></datafield><datafield ind1=" " ind2=" " tag="042"><subfield code="a">msc</subfield></datafield><datafield ind1="0" ind2="4" tag="245"><subfield code="a">The Kilgore daily news.</subfield></datafield><datafield ind1=" " ind2=" " tag="260"><subfield code="a">Kilgore, Tex. :</subfield><subfield code="b">Tom E. Foster</subfield></datafield><datafield ind1=" " ind2=" " tag="300"><subfield code="a">v. :</subfield><subfield code="b">ill. ;</subfield><subfield code="c">56 cm.</subfield></datafield><datafield ind1=" " ind2=" " tag="310"><subfield code="a">Daily (except Sat.)</subfield></datafield><datafield ind1="1" ind2=" " tag="362"><subfield code="a">Began in 1930? Ceased in 1940.</subfield></datafield><datafield ind1=" " ind2=" " tag="588"><subfield code="a">Description based on: Vol. 1, no. 35 (Mar. 30, 1931).</subfield></datafield><datafield ind1=" " ind2=" " tag="752"><subfield code="a">United States</subfield><subfield code="b">Texas</subfield><subfield code="c">Gregg</subfield><subfield code="d">Kilgore.</subfield></datafield><datafield ind1="0" ind2="7" tag="785"><subfield code="t">Kilgore herald</subfield><subfield code="w">(DLC)sn 88083966</subfield></datafield><datafield ind1="0" ind2="7" tag="785"><subfield code="t">Kilgore daily news-herald</subfield><subfield code="w">(DLC)sn 88083967</subfield></datafield></record>